@book{DPA,
  author    = {Stefan Mangard and
               Elisabeth Oswald and
               Thomas Popp},
  title     = {Power analysis attacks - revealing the secrets of smart cards},
  year      = {2007},
  publisher = {Springer},
  isbn      = {978-0-387-30857-9},
  timestamp = {Fri, 07 Nov 2014 17:44:58 +0100},
  biburl    = {http://dblp.uni-trier.de/rec/bib/books/daglib/0017272},
  bibsource = {dblp computer science bibliography, http://dblp.org}
}

@article{Cache-Timing1,
note={URL: {\tt http://cr.yp.to/papers.html\#cachetiming}}
,author={Daniel J. Bernstein}
,ID={cd9faae9bd5308c440df50fc26a517b4}
,title={{Cache-timing attacks on AES}}
,year={2004}
}

@article{Cache-Timing2,
  added-at = {2012-01-16T00:00:00.000+0100},
  author = {Osvik, Dag Arne and Shamir, Adi and Tromer, Eran},
  biburl = {http://www.bibsonomy.org/bibtex/28bead96ebf31ab5c3a438995de3b474a/dblp},
  ee = {http://eprint.iacr.org/2005/271},
  interhash = {ec9aef189536fccaf3128585b5bf2233},
  intrahash = {8bead96ebf31ab5c3a438995de3b474a},
  journal = {IACR Cryptology ePrint Archive},
  keywords = {dblp},
  pages = 271,
  timestamp = {2012-01-16T00:00:00.000+0100},
  title = {Cache attacks and Countermeasures: the Case of AES.},
  url = {http://dblp.uni-trier.de/db/journals/iacr/iacr2005.html#OsvikST05},
  volume = 2005,
  year = 2005
}

@techreport{OSI,
    author = {International Organization for Standardization ISO},
    citeulike-article-id = {9080852},
    day = {15},
    edition = {Second},
    keywords = {iso, layer, osi, protocol},
    month = jun,
    pages = {34-65+},
    posted-at = {2011-03-30 19:52:59},
    priority = {2},
    title = {{ISO/IEC 7498-1Information technology - Open Systems Interconnection - Basic Reference Model: The Basic Model}},
    year = {1994}
}

@misc{tinyDTLS,
	title = {tinyDTLS},
	howpublished = {\url{http://tinydtls.sourceforge.net/}},
}

@misc{Wireshark,
	title = {Wireshark},
	howpublished = {\url{https://www.wireshark.org/}},
}
@inproceedings{Web1,
  author    = {Shuo Chen and
               Rui Wang and
               XiaoFeng Wang and
               Kehuan Zhang},
  title     = {Side-Channel Leaks in Web Applications: {A} Reality Today, a Challenge
               Tomorrow},
  booktitle = {31st {IEEE} Symposium on Security and Privacy, S{\&}P 2010, 16-19
               May 2010, Berleley/Oakland, California, {USA}},
  year      = {2010},
  pages     = {191--206},
  url       = {http://doi.ieeecomputersociety.org/10.1109/SP.2010.20},
  doi       = {10.1109/SP.2010.20},
  timestamp = {Fri, 07 Nov 2014 18:05:19 +0100},
  biburl    = {http://dblp.uni-trier.de/rec/bib/conf/sp/ChenWWZ10},
  bibsource = {dblp computer science bibliography, http://dblp.org}
}

@article{Web2,
  author    = {Luke Mather and
               Elisabeth Oswald},
  title     = {Pinpointing side-channel information leaks in web applications},
  journal   = {J. Cryptographic Engineering},
  year      = {2012},
  volume    = {2},
  number    = {3},
  pages     = {161--177},
  url       = {http://dx.doi.org/10.1007/s13389-012-0036-0},
  doi       = {10.1007/s13389-012-0036-0},
  timestamp = {Mon, 10 Nov 2014 12:24:06 +0100},
  biburl    = {http://dblp.uni-trier.de/rec/bib/journals/jce/MatherO12},
  bibsource = {dblp computer science bibliography, http://dblp.org}
}

@inproceedings{DBLP:conf/csfw/AlvimCPS12,
  author    = {M{\'{a}}rio S. Alvim and
               Konstantinos Chatzikokolakis and
               Catuscia Palamidessi and
               Geoffrey Smith},
  title     = {Measuring Information Leakage Using Generalized Gain Functions},
  booktitle = {25th {IEEE} Computer Security Foundations Symposium, {CSF} 2012, Cambridge,
               MA, USA, June 25-27, 2012},
  pages     = {265--279},
  year      = {2012},
  crossref  = {DBLP:conf/csfw/2012},
  url       = {http://doi.ieeecomputersociety.org/10.1109/CSF.2012.26},
  doi       = {10.1109/CSF.2012.26},
  timestamp = {Thu, 30 Aug 2012 21:23:30 +0200},
  biburl    = {http://dblp.uni-trier.de/rec/bib/conf/csfw/AlvimCPS12},
  bibsource = {dblp computer science bibliography, http://dblp.org}
}

@inproceedings{DBLP:conf/csfw/ChothiaG11,
  author    = {Tom Chothia and
               Apratim Guha},
  title     = {A Statistical Test for Information Leaks Using Continuous Mutual Information},
  booktitle = {Proceedings of the 24th {IEEE} Computer Security Foundations Symposium,
               {CSF} 2011, Cernay-la-Ville, France, 27-29 June, 2011},
  pages     = {177--190},
  year      = {2011},
  crossref  = {DBLP:conf/csfw/2011},
  url       = {http://doi.ieeecomputersociety.org/10.1109/CSF.2011.19},
  doi       = {10.1109/CSF.2011.19},
  timestamp = {Tue, 30 Aug 2011 10:14:04 +0200},
  biburl    = {http://dblp.uni-trier.de/rec/bib/conf/csfw/ChothiaG11},
  bibsource = {dblp computer science bibliography, http://dblp.org}
}

@MISC{Danezis_trafficanalysis,
    author = {George Danezis},
    title = {Traffic Analysis of the HTTP Protocol over TLS },
    year = {}
}

@article{DBLP:journals/iacr/SchaubSHCJTHGR14,
  author    = {Alexander Schaub and
               Emmanuel Schneider and
               Alexandros Hollender and
               Vinicius Calasans and
               Laurent Jolie and
               Robin Touillon and
               Annelie Heuser and
               Sylvain Guilley and
               Olivier Rioul},
  title     = {Attacking Suggest Boxes in Web Applications Over {HTTPS} Using Side-Channel
               Stochastic Algorithms},
  journal   = {{IACR} Cryptology ePrint Archive},
  volume    = {2014},
  pages     = {959},
  year      = {2014},
  url       = {http://eprint.iacr.org/2014/959},
  timestamp = {Fri, 02 Jan 2015 12:59:46 +0100},
  biburl    = {http://dblp.uni-trier.de/rec/bib/journals/iacr/SchaubSHCJTHGR14},
  bibsource = {dblp computer science bibliography, http://dblp.org}
}

@inproceedings{DBLP:conf/fse/Kelsey02,
  author    = {John Kelsey},
  title     = {Compression and Information Leakage of Plaintext},
  booktitle = {Fast Software Encryption, 9th International Workshop, {FSE} 2002,
               Leuven, Belgium, February 4-6, 2002, Revised Papers},
  pages     = {263--276},
  year      = {2002},
  crossref  = {DBLP:conf/fse/2002},
  url       = {http://dx.doi.org/10.1007/3-540-45661-9_21},
  doi       = {10.1007/3-540-45661-9_21},
  timestamp = {Thu, 30 Jun 2011 15:57:55 +0200},
  biburl    = {http://dblp.uni-trier.de/rec/bib/conf/fse/Kelsey02},
  bibsource = {dblp computer science bibliography, http://dblp.org}
}

@misc{CRIME,
	title = {The CRIME Attack},
	howpublished = {\url{https://docs.google.com/presentation/d/11eBmGiHbYcHR9gL5nDyZChu_-lCa2GizeuOfaLU2HOU/edit\#slide\=id.g1d134dff_1_222}},
}

@techreport{BREACH,
	title = {Breach: Reviving the {CRIME} Attack},
	url = {http://breachattack.com/resources/BREACH%20-%20SSL,%20gone%20in%2030%20seconds.pdf},
	author = {Gluck, Yoel and Harris, Neal and Prado, Angelo (Angel)},
	year = {2013}
}

@article{DBLP:journals/iacr/AlawatugodaSB14a,
  author    = {Janaka Alawatugoda and
               Douglas Stebila and
               Colin Boyd},
  title     = {Protecting Encrypted Cookies from Compression Side-Channel Attacks},
  journal   = {{IACR} Cryptology ePrint Archive},
  volume    = {2014},
  pages     = {724},
  year      = {2014},
  url       = {http://eprint.iacr.org/2014/724},
  timestamp = {Wed, 15 Oct 2014 13:16:53 +0200},
  biburl    = {http://dblp.uni-trier.de/rec/bib/journals/iacr/AlawatugodaSB14a},
  bibsource = {dblp computer science bibliography, http://dblp.org}
}

@inproceedings{DBLP:conf/eurocrypt/Vaudenay02,
  author    = {Serge Vaudenay},
  title     = {Security Flaws Induced by {CBC} Padding - Applications to SSL, IPSEC,
               {WTLS} ...},
  booktitle = {Advances in Cryptology - {EUROCRYPT} 2002, International Conference
               on the Theory and Applications of Cryptographic Techniques, Amsterdam,
               The Netherlands, April 28 - May 2, 2002, Proceedings},
  pages     = {534--546},
  year      = {2002},
  crossref  = {DBLP:conf/eurocrypt/2002},
  url       = {http://dx.doi.org/10.1007/3-540-46035-7_35},
  doi       = {10.1007/3-540-46035-7_35},
  timestamp = {Thu, 30 Jun 2011 15:57:44 +0200},
  biburl    = {http://dblp.uni-trier.de/rec/bib/conf/eurocrypt/Vaudenay02},
  bibsource = {dblp computer science bibliography, http://dblp.org}
}

@inproceedings{DBLP:conf/sp/AlFardanP13,
  author    = {Nadhem J. AlFardan and
               Kenneth G. Paterson},
  title     = {Lucky Thirteen: Breaking the {TLS} and {DTLS} Record Protocols},
  booktitle = {2013 {IEEE} Symposium on Security and Privacy, {SP} 2013, Berkeley,
               CA, USA, May 19-22, 2013},
  pages     = {526--540},
  year      = {2013},
  crossref  = {DBLP:conf/sp/2013},
  url       = {http://dx.doi.org/10.1109/SP.2013.42},
  doi       = {10.1109/SP.2013.42},
  timestamp = {Thu, 08 Jan 2015 16:59:45 +0100},
  biburl    = {http://dblp.uni-trier.de/rec/bib/conf/sp/AlFardanP13},
  bibsource = {dblp computer science bibliography, http://dblp.org}
}

@article{baum1966,
author = "Baum, Leonard E. and Petrie, Ted",
doi = "10.1214/aoms/1177699147",
fjournal = "The Annals of Mathematical Statistics",
journal = "Ann. Math. Statist.",
month = "12",
number = "6",
pages = "1554--1563",
publisher = "The Institute of Mathematical Statistics",
title = "Statistical Inference for Probabilistic Functions of Finite State Markov Chains",
url = "http://dx.doi.org/10.1214/aoms/1177699147",
volume = "37",
year = "1966"
}


