@misc{ CC2538_Manual,
       author = "Texas Instruments",
       title = "CC2538 User's Guide",
       note = {\url{http://www.ti.com/lit/ug/swru319c/swru319c.pdf}}
}

@misc{ CC2430Fail,
       title = "Smart meter crypto flaw worse than thought",
       note = {\url{https://rdist.root.org/2010/01/11/smart-meter-crypto-flaw-worse-than-thought/}}
}

@misc{ CC2430_Manual,
       author = "Texas Instruments",
       title = "CC2430 User's Guide",
       note = {\url{http://www.ti.com/lit/ds/symlink/cc2430.pdf}}
}

@misc{ CC253X_Manual,
       author = "Texas Instruments",
       title = "CC253X, CC2540/41 User's Guide", 
       note = {\url{http://www.ti.com/lit/ug/swru319c/swru319c.pdf}}
}
