@inproceedings{802154Sec,
 author = {Sastry, Naveen and Wagner, David},
 title = {Security Considerations for IEEE 802.15.4 Networks},
 booktitle = {Proceedings of the 3rd ACM Workshop on Wireless Security},
 series = {WiSe '04},
 year = {2004},
 isbn = {1-58113-925-X},
 location = {Philadelphia, PA, USA},
 pages = {32--42},
 numpages = {11},
 url = {http://doi.acm.org/10.1145/1023646.1023654},
 doi = {10.1145/1023646.1023654},
 acmid = {1023654},
 publisher = {ACM},
 address = {New York, NY, USA},
 keywords = {IEEE 802.15.4, link layer security, sensor networks},
}

@misc{LLSEC,
url= {https://github.com/kkrentz/contiki/wiki}
}

@misc{tinydtls,
url= {http://sourceforge.net/projects/tinydtls/}
}
