@incollection{VANET,
  title={Vehicular ad hoc networks},
  author={Wang, Yu and Li, Fan},
  booktitle={Guide to wireless ad hoc networks},
  pages={503--525},
  year={2009},
  publisher={Springer}
}

@misc{Contiki,
	url = {http://http://www.contiki-os.org/},
}
