@misc{ SomeCitation,
       author = "Me",
       title = "My Article",
       year = "2006" }
